@inproceedings{nakov2016evaluation,
  title={Evaluation measures for the semeval-2016 task 4: Sentiment analysis in twitter (draft: Version 1.12)},
  author={Nakov, Preslav and Ritter, Alan and Rosenthal, Sara and Sebastiani, Fabrizio and Stoyanov, Veselin},
  booktitle={Proceedings of the 10th International Workshop on Semantic Evaluation (SemEval 2016), San Diego, California, June. Association for Computational Linguistics},
  year={2016}
}

@inproceedings{turney2002thumbs,
  title={Thumbs up or thumbs down?: semantic orientation applied to unsupervised classification of reviews},
  author={Turney, Peter D},
  booktitle={Proceedings of the 40th annual meeting on association for computational linguistics},
  pages={417--424},
  year={2002},
  organization={Association for Computational Linguistics}
}

@article{liu2011movie,
  title={Movie rating and review summarization in mobile environment},
  author={Liu, Chien-Liang and Hsaio, Wen-Hoar and Lee, Chia-Hoang and Lu, Gen-Chi and Jou, Emery},
  journal={IEEE Transactions on Systems, Man, and Cybernetics, Part C (Applications and Reviews)},
  volume={42},
  number={3},
  pages={397--407},
  year={2011},
  publisher={IEEE}
}

@inproceedings{khan2011sentiment,
  title={Sentiment classification using sentence-level semantic orientation of opinion terms from blogs},
  author={Khan, Aurangzeb and Baharudin, Baharum},
  booktitle={2011 National Postgraduate Conference},
  pages={1--7},
  year={2011},
  organization={IEEE}
}

@inproceedings{ramachandran2011automated,
  title={Automated assessment of review quality using latent semantic analysis},
  author={Ramachandran, Lakshmi and Gehringer, Edward F},
  booktitle={2011 IEEE 11th International Conference on Advanced Learning Technologies},
  pages={136--138},
  year={2011},
  organization={IEEE}
}


@inproceedings{karamibekr2012verb,
  title={Verb oriented sentiment classification},
  author={Karamibekr, Mostafa and Ghorbani, Ali A},
  booktitle={Proceedings of the The 2012 IEEE/WIC/ACM International Joint Conferences on Web Intelligence and Intelligent Agent Technology-Volume 01},
  pages={327--331},
  year={2012},
  organization={IEEE Computer Society}
}


@inproceedings{agarwal2013sentiment,
  title={Sentiment classification of review documents using phrase patterns},
  author={Agarwal, Basant and Sharma, Vijay Kumar and Mittal, Namita},
  booktitle={2013 International Conference on Advances in Computing, Communications and Informatics (ICACCI)},
  pages={1577--1580},
  year={2013},
  organization={IEEE}
}

@article{go2009twitter,
  title={Twitter sentiment classification using distant supervision},
  author={Go, Alec and Bhayani, Richa and Huang, Lei},
  journal={CS224N Project Report, Stanford},
  volume={1},
  number={12},
  pages={2009},
  year={2009}
}


@inproceedings{gautam2014sentiment,
  title={Sentiment analysis of twitter data using machine learning approaches and semantic analysis},
  author={Gautam, Geetika and Yadav, Divakar},
  booktitle={2014 Seventh International Conference on Contemporary Computing (IC3)},
  pages={437--442},
  year={2014},
  organization={IEEE}
}













